<record><leader>00000cas a22000007a 4500</leader><controlfield tag="001">13784316</controlfield><controlfield tag="008">860626d18191821tnuwr ne      0    0eng d</controlfield><datafield ind1=" " ind2=" " tag="010"><subfield code="a">sn 86053526 </subfield></datafield><datafield ind1=" " ind2=" " tag="040"><subfield code="a">NPX</subfield><subfield code="b">eng</subfield><subfield code="c">NPX</subfield><subfield code="d">PPM</subfield><subfield code="d">KNP</subfield><subfield code="d">TGN</subfield><subfield code="d">OCL</subfield><subfield code="d">TGN</subfield><subfield code="d">OCLCG</subfield><subfield code="d">DLC</subfield><subfield code="d">OCLCA</subfield><subfield code="d">OCLCF</subfield></datafield><datafield ind1="1" ind2=" " tag="029"><subfield code="a">AU@</subfield><subfield code="b">000040998012</subfield></datafield><datafield ind1=" " ind2=" " tag="042"><subfield code="a">msc</subfield></datafield><datafield ind1=" " ind2=" " tag="043"><subfield code="a">n-us-tn</subfield></datafield><datafield ind1="0" ind2=" " tag="130"><subfield code="a">Clarion, and Tennessee gazette (Nashville, Tenn. : 1819)</subfield></datafield><datafield ind1="1" ind2="4" tag="245"><subfield code="a">The clarion, and Tennessee gazette.</subfield></datafield><datafield ind1="1" ind2="3" tag="246"><subfield code="a">Clarion</subfield></datafield><datafield ind1=" " ind2=" " tag="260"><subfield code="a">Nashville, Tenn. :</subfield><subfield code="b">[s.n.],</subfield><subfield code="c">1819-1821.</subfield></datafield><datafield ind1=" " ind2=" " tag="300"><subfield code="a">v.</subfield></datafield><datafield ind1=" " ind2=" " tag="310"><subfield code="a">Weekly</subfield></datafield><datafield ind1="0" ind2=" " tag="362"><subfield code="a">Vol. [], no. [] (Nov. 9, 1819)-    ; new ser.,     -v. 1, no. 25 (Feb. 20, 1821).</subfield></datafield><datafield ind1=" " ind2=" " tag="500"><subfield code="a">Publishers: Thomas Grayson Bradford, 1819-1820; John H. Wilkins &amp; Thomas H. M'Keen, 1820; John H. Wilkins, 1821.</subfield></datafield><datafield ind1="4" ind2=" " tag="510"><subfield code="a">Brigham, C.S. Amer. newspapers,</subfield><subfield code="c">p. 1063</subfield></datafield><datafield ind1=" " ind2=" " tag="515"><subfield code="a">Numbering is irregular.</subfield></datafield><datafield ind1=" " ind2=" " tag="530"><subfield code="a">Available on microfilm from Library of Congress Photoduplication Service.</subfield></datafield><datafield ind1=" " ind2=" " tag="530"><subfield code="a">Also on microfilm: Nashville, Tenn. : Tennessee State Library Photographic Laboratory.</subfield></datafield><datafield ind1=" " ind2="0" tag="651"><subfield code="a">Davidson County (Tenn.)</subfield><subfield code="v">Newspapers.</subfield></datafield><datafield ind1=" " ind2="0" tag="651"><subfield code="a">Nashville (Tenn.)</subfield><subfield code="v">Newspapers.</subfield></datafield><datafield ind1=" " ind2="7" tag="655"><subfield code="a">Newspapers.</subfield><subfield code="2">fast</subfield><subfield code="0">(OCoLC)fst01423814</subfield></datafield><datafield ind1=" " ind2="7" tag="651"><subfield code="a">Tennessee</subfield><subfield code="z">Davidson County.</subfield><subfield code="2">fast</subfield><subfield code="0">(OCoLC)fst01205346</subfield></datafield><datafield ind1=" " ind2="7" tag="651"><subfield code="a">Tennessee</subfield><subfield code="z">Nashville.</subfield><subfield code="2">fast</subfield><subfield code="0">(OCoLC)fst01204195</subfield></datafield><datafield ind1="1" ind2=" " tag="700"><subfield code="a">Bradford, Thomas Grayson,</subfield><subfield code="d">1784-</subfield></datafield><datafield ind1="1" ind2=" " tag="700"><subfield code="a">Wilkins, John H.</subfield></datafield><datafield ind1="1" ind2=" " tag="700"><subfield code="a">M'Keen, Thomas H.</subfield></datafield><datafield ind1=" " ind2=" " tag="752"><subfield code="a">United States</subfield><subfield code="b">Tennessee</subfield><subfield code="c">Davidson</subfield><subfield code="d">Nashville.</subfield></datafield><datafield ind1="0" ind2="0" tag="780"><subfield code="t">Clarion, &amp; Tennessee state gazette</subfield><subfield code="w">(DLC)sn 86071208</subfield><subfield code="w">(OCoLC)13288660</subfield></datafield><datafield ind1="0" ind2="0" tag="785"><subfield code="t">Nashville clarion (Nashville, Tenn. : 1821)</subfield><subfield code="w">(DLC)sn 86071216</subfield><subfield code="w">(OCoLC)13301050</subfield></datafield></record>